

@book {stetter04,
    AUTHOR = {Stetter, Hans J.},
     TITLE = {Numerical polynomial algebra},
 PUBLISHER = {Society for Industrial and Applied Mathematics (SIAM),
              Philadelphia, PA},
      YEAR = 2004,
     PAGES = {xvi+472},
      ISBN = {0-89871-557-1},
       DOI = {10.1137/1.9780898717976},
       DOI = {10.1137/1.9780898717976},
}


@book {cox15,
    AUTHOR = {Cox, David A. and Little, John and O'Shea, Donal},
     TITLE = {Ideals, varieties, and algorithms},
    SERIES = {Undergraduate Texts in Mathematics},
   EDITION = {Fourth},
      NOTE = {An introduction to computational algebraic geometry and
              commutative algebra},
 PUBLISHER = {Springer, Cham},
      YEAR = 2015,
     PAGES = {xvi+646},
      ISBN = {978-3-319-16720-6; 978-3-319-16721-3},
       DOI = {10.1007/978-3-319-16721-3},
       DOI = {10.1007/978-3-319-16721-3},
}
